
@techreport{wheaton_us_2014,
	title = {U.{S}. {Synthetic} {Population} 2010 {Version} 1.0 {Quick} {Start} {Guide}, {RTI} {International}},
	author = {Wheaton, W.D.},
	month = may,
	year = {2014}
}
